<?xml version="1.0" encoding="UTF-8"?><collection xmlns="http://www.loc.gov/MARC21/slim"><record><leader>00401nam--2200121-i-4500</leader><controlfield tag="001">000031103</controlfield><controlfield tag="002">20161230</controlfield><controlfield tag="005">20161230201038</controlfield><controlfield tag="008">060222s1000------------r-----000-0-eng-d</controlfield><datafield ind1=" " ind2=" " tag="080"><subfield code="a">614.876</subfield></datafield><datafield ind1=" " ind2=" " tag="245"><subfield code="a">Manuale di fisica sanitaria del c.s.n.-casaccia. norme per la protezione dei lavoratori contro la radiazioni ionizzanti</subfield></datafield><datafield ind1=" " ind2=" " tag="260"><subfield code="a">Roma, Comitato Nazionale Energia Nucleare, 1966, 109p</subfield></datafield><datafield ind1=" " ind2=" " tag="852"><subfield code="a">28596</subfield></datafield></record></collection>